@article{Gruber1995,
    title = {{Toward principles for the design of ontologies used for knowledge sharing?}},
    year = {1995},
    journal = {International Journal of Human-Computer Studies},
    author = {Gruber, Thomas R.},
    number = {5-6},
    pages = {907--928},
    volume = {43},
    url = http://linkinghub.elsevier.com/retrieve/pii/S1071581985710816},
    isbn = {10715819},
    doi = {10.1006/ijhc.1995.1081},
    issn = {10715819},
    pmid = {15648861},
    arxivId = {math/0701907v3},
    keywords = {knowledge interchange format, knowledge sharing, measurement theory, ontological commitment, ontology, ontology design}
}

@online{AceRules,
  author = {DAISY Consortium},
  title = {Rule Descriptions},
  year = 2023,
  url = {https://github.com/daisy/axe-core/blob/v4.9.1_DAISY/doc/rule-descriptions.md},
  urldate = {2024-02-23}
}

@online{OAPENHome,
  author = {OAPEN Foundation},
  title = {About Us page},
  year = 2024,
  url = {https://www.oapen.org/oapen/1891940-organisation},
  urldate = {2024-04-24}
}

@online{StandardEbooksAbout,
  author = {Standard Ebooks L3C},
  title = {About page},
  year = 2024,
  url = {https://standardebooks.org/about},
  urldate = {2024-04-24}
}

@online{AceImpact,
  author = {The Daisy Consortium},
  title = {Issue Impacts},
  year = 2021,
  url = {https://github.com/daisy/axe-core/blob/v4.7.2_DAISY/doc/issue_impact.md},
  urldate = {2024-06-02}
}

@online{EbookLibDocs,
  author = {EbookLib},
  title = {EbookLib documentation},
  year = 2024,
  url = {https://docs.sourcefabric.org/projects/ebooklib/en/latest/},
  urldate = {2024-04-24}
}

@online{EbookLibFAQ,
  author = {EbookLib},
  title = {EbookLib FAQ},
  year = 2024,
  url = {https://docs.sourcefabric.org/projects/ebooklib/en/latest/faq.html},
  urldate = {2024-05-16}
}

@online{EbookLibHeadTag,
  author = {EbookLib},
  title = {EbookLib Head Tag Issue},
  year = 2021,
  url = {https://github.com/aerkalov/ebooklib/issues/221/},
  urldate = {2024-05-16}
}

@online{KBDaisyWCAG,
  author = {DAISY Consortium},
  title = {Daisy Knowledge Base - WCAG},
  year = 2023,
  url = {https://kb.daisy.org/publishing/docs/conformance/wcag.html},
  urldate = {2024-03-04}
}

@online{WCAGGuidelines,
  author = {Campbell, Alastair and Adams, Chuck and Montgomery, Rachael Bradley and Cooper, Michael and Kirkpatrick, Andrew},
  title = {Web Content Accessibility Guidelines (WCAG) 2.2},
  year = 2023,
  url = {https://www.w3.org/TR/WCAG2/},
  urldate = {2024-02-23}
}

@online{EPUBGuidelines,
  author = {Garish, Matt and Kerscher, George and LaPierre, Charles and Pellegrino, Gregorio and Singh, Avneesh},
  title = {EPUB Accessibility 1.1},
  year = 2023,
  url = {https://www.w3.org/TR/epub-a11y-11/},
  urldate = {2024-06-15}
}

@article{Caldwell2008,
  title={Web content accessibility guidelines (WCAG) 2.0},
  author={Caldwell, Ben and Cooper, Michael and Reid, Loretta Guarino and Vanderheiden, Gregg and Chisholm, Wendy and Slatin, John and White, Jason},
  journal={WWW Consortium (W3C)},
  volume={290},
  pages={1--34},
  year={2008}
}

@article{Giusti2016,
  title={Content accessibility in an institutional repository: analysis, tools and usage of the EPUB format},
  author={De Giusti, Marisa R and Lira, Ariel J and Rodr{\'\i}guez Vuan, Julieta Paz and Villarreal, Gonzalo L},
  journal={E-Ciencias de la Informaci{\'o}n},
  volume={6},
  number={2},
  pages={50--73},
  year={2016},
  publisher={nc-sa/4.0}
}

@article{Kasdorf2018,
  title={Why accessibility is hard and how to make it easier: Lessons from publishers},
  author={Kasdorf, Bill},
  journal={Learned Publishing},
  volume={31},
  number={1},
  pages={11--18},
  year={2018},
  publisher={Wiley Online Library}
}

@article{Kim2019,
  title={Multimedia vision for the visually impaired through 2d multiarray braille display},
  author={Kim, Seondae and Park, Eun-Soo and Ryu, Eun-Seok},
  journal={Applied Sciences},
  volume={9},
  number={5},
  pages={878},
  year={2019},
  publisher={MDPI}
}

@article{Chee2022,
  title={More to do than can ever be done: Reconciling library online learning objects with WCAG 2.1 standards for accessibility},
  author={Chee, Michael and Davidian, Zia and Weaver, Kari D},
  journal={Journal of Web Librarianship},
  volume={16},
  number={2},
  pages={87--119},
  year={2022},
  publisher={Taylor \& Francis}
}

@inproceedings{Ferati2016,
  title={Automatic adaptation techniques to increase the web accessibility for blind users},
  author={Ferati, Mexhid and Sulejmani, Lirim},
  booktitle={HCI International 2016--Posters' Extended Abstracts: 18th International Conference, HCI International 2016 Toronto, Canada, July 17--22, 2016 Proceedings, Part II 18},
  pages={30--36},
  year={2016},
  organization={Springer}
}

@inproceedings{Ikhsan2018,
  title={Automatically: An automated refactoring method and tool for improving web accessibility},
  author={Ikhsan, Ikhwan Noor and Candra, Muhammad Zuhri Catur},
  booktitle={2018 5th International Conference on Data and Software Engineering (ICoDSE)},
  pages={1--6},
  year={2018},
  organization={IEEE}
}

@article{Campoverde2020,
  title={Empirical studies on web accessibility of educational websites: A systematic literature review},
  author={Campoverde-Molina, Milton and Lujan-Mora, Sergio and Garcia, Llorenc Valverde},
  journal={IEEE Access},
  volume={8},
  pages={91676--91700},
  year={2020},
  publisher={IEEE}
}

@article{Zhang2024,
  title={Enhancing accessibility of web-based SVG buttons: An optimization method and best practices},
  author={Zhang, Mengxi and Zhang, Yan and Gao, Guangyong and Liu, Huaxiao},
  journal={Expert Systems with Applications},
  volume={238},
  pages={121883},
  year={2024},
  publisher={Elsevier}
}

@inproceedings{VirinchiBrailleCloud,
  title={Design and analysis of a system to read braille with remote cloud architecture},
  author={Virinchi, Rao Krishna and Antony, Paulson K and Saravanan, Shreyaa and Balaji, V Dhakshain and Krishnan, Vaishnavi Suresh and Andrews, Edith Susanna and Kokkat, Chris Joy and Noel, S Melvin and Vijay, TK Sreejeeth and Goyal, Harshit and others},
  booktitle={2020 IEEE 17th India Council International Conference (INDICON)},
  pages={1--6},
  year={2020},
  organization={IEEE}
}

@inproceedings{SefaraTextExtraction,
  title={A toolkit for text extraction and analysis for natural language processing tasks},
  author={Sefara, Tshephisho Joseph and Mbooi, Mahlatse and Mashile, Katlego and Rambuda, Thompho and Rangata, Mapitsi},
  booktitle={2022 International Conference on Artificial Intelligence, Big Data, Computing and Data Communication Systems (icABCD)},
  pages={1--6},
  year={2022},
  organization={IEEE}
}
@inproceedings{Bartalesi2015,
  title={An enriched ePub eBook for screen reader users},
  author={Bartalesi, Valentina and Leporini, Barbara},
  booktitle={Universal Access in Human-Computer Interaction. Access to Today's Technologies: 9th International Conference, UAHCI 2015, Held as Part of HCI International 2015, Los Angeles, CA, USA, August 2-7, 2015, Proceedings, Part I 9},
  pages={375--386},
  year={2015},
  organization={Springer}
}